3242 5034
709 369 1093 484 ..re-..ſs

284 565 389 641 „lium,
415 564 655 642 moenimenta,
686 569 848 640 inphysicis
872 567 1105 626 etnatlrematicis
1130 570 1165 638 lt,
1192 569 1237 640 qul
1258 565 1385 624 Facultati

281 658 427 732 „Artium
444 659 496 716 lucc
514 667 555 718 ert
573 661 731 730 liegentiius
748 664 776 716 et
788 659 900 730 publicis
918 659 1129 729 molossorilrus,
1147 659 1300 716 tribuitur.“

348 751 416 819 „lii
433 749 654 820 stuprorum,
670 768 722 822 quo
739 755 851 823 quisquo
863 757 969 822 operam
983 752 1027 808 dat
1041 756 1078 808 iis
1094 753 1192 810 andus
1211 755 1239 807 et
1255 752 1383 824 scientiis,

231 835 235 840 ’
280 856 374 913 „quas
389 842 508 913 proliteri
523 858 573 914 per
589 857 691 899 omnem
705 847 785 899 uitam
802 858 877 900 suam
894 847 974 915 cupit.
1019 845 1068 899 llic
1084 849 1258 900 extremarum
1274 843 1382 914 proles·

279 935 410 1000 ,mianum
427 937 483 1006 est,
508 933 698 1004 theologicae,
723 936 948 1007 turispredentiae
976 941 1003 992 et
1019 937 1177 1005 Medicinae,
1201 949 1266 1006 quas
1284 941 1381 1005 supre-

279 1032 360 1094 „mas
376 1025 525 1082 Facultates
546 1026 711 1083 nominant.“

346 1119 468 1188 „ilerum
488 1119 541 1176 duo
563 1124 706 1193 postremi,
729 1122 832 1178 medius
858 1121 960 1176 scilicet
975 1123 1003 1175 et
1018 1133 1172 1190 supremus,
1191 1117 1382 1175 'Universitatis

281 1200 356 1280 ‚',scu
381 1211 502 1281 ponticae
524 1211 632 1268 solorio
657 1217 731 1284 sunt,
759 1214 792 1268 de
816 1213 911 1284 qulbus
935 1215 961 1266 in
984 1225 1052 1267 noua
1077 1211 1262 1266 reformatione
1280 1210 1382 1266 aliunde

278 1305 405 1371 ‚muniat
421 1301 522 1359 Primus
539 1303 573 1358 ad
587 1303 777 1374 Paedagogluru
788 1308 895 1376 proprie
912 1307 1033 1376 pertinet,
1054 1304 1087 1384 de
1103 1305 1180 1372 cujus
1198 1305 1381 1358 constitutione

277 1395 423 1465 „cinnum
440 1399 551 1464 cogitari
567 1391 688 1466 potest.“

341 1487 421 1557 „Aut
436 1489 505 1542 euim
523 1490 662 1557 operosius
679 1489 766 1543 multis
784 1501 833 1544 seu
852 1487 974 1557 gradibus
992 1501 1041 1542 seu
1058 1486 1187 1542 classibus
1208 1488 1308 1542 institui
1324 1502 1376 1557 po-

278 1581 367 1650 „test,
386 1581 413 1632 in
430 1591 550 1647 quonam
561 1580 639 1634 modo
655 1579 744 1648 lingua
760 1581 909 1650 erudiatur,
927 1583 1034 1635 ornetur
1049 1582 1076 1633 ct
1094 1577 1259 1648 perficiatur,
1287 1592 1379 1635 verum

258 1672 383 1737 ‚,‚etiam
409 1675 634 1740 progymnasmata
665 1671 793 1741 quaedam
818 1671 949 1726 tradantur
974 1670 1132 1725 dialecticae
1159 1673 1186 1725 et
1213 1671 1378 1743 Rhetoricae,

171 1831 178 1844 ἱ
278 1761 399 1830 ,mulius
415 1759 598 1818 adolescentes
613 1760 650 1815 ad
669 1764 803 1831 graviores
821 1761 993 1818 ,larsroranrs
1011 1768 1037 1817 et
1060 1762 1170 1817 aliorum
1192 1765 1310 1817 aummn
1335 1764 1378 1818 le-

278 1855 404 1920 „ctiones
422 1851 646 1922 praeparentur.“

197 2015 202 2024 ¹
264 1974 275 1983 s
342 1942 417 2011 „Aut
435 1944 547 2013 simplex
564 1943 685 2016 aliquod,
704 1946 731 1998 in
748 1958 800 2013 quo
817 1946 874 2000 sirie
893 1943 1057 1998 distinctione
1075 1942 1212 2012 classium,
1239 1942 1378 1999 Gramma-

276 2037 354 2103 „tlca
370 2037 506 2105 utriusque
523 2037 628 2104 linguae
644 2036 792 2091 methodica
810 2037 903 2091 saltem
919 2039 1010 2107 pueris
1027 2035 1155 2105 undatur,
1172 2047 1232 2090 cum
1250 2035 1379 2106 exemplis

274 2127 397 2197 ,latinis
416 2131 444 2182 et
460 2127 569 2184 Graecis
587 2133 716 2184 certorum
734 2131 867 2199 autorum,
895 2131 939 2198 qui
955 2129 1087 2195 juventuti
1109 2127 1142 2182 ad
1159 2129 1295 2196 utriusque
1312 2141 1377 2182 ora-

275 2222 394 2291 „tionis‚
412 2233 510 2290 prosae
522 2220 625 2299 scilicet
642 2224 670 2275 et
686 2221 790 2288 ligatae,
808 2223 964 2281 structuram
982 2224 1009 2276 et
1026 2222 1242 2290 compositionem
1260 2219 1377 2276 tormen-

274 2311 359 2380 „dam
371 2311 573 2382 imitandumque
589 2312 688 2366 utiliter
703 2314 814 2382 proponi
831 2307 966 2382 possnut‚“

332 2401 405 2470 „lle
422 2404 503 2474 priori
518 2401 711 2459 illustrissimus
736 2405 860 2475 Princeps
876 2405 982 2462 Elector
998 2405 1154 2462 inormem
1173 2419 1197 2462 a.
1217 2405 1290 2462 tero.
1318 2419 1377 2464 cum
1443 2419 1448 2430 ·

276 2493 441 2564 ,moademia
458 2494 648 2552 consultavit.“
666 2496 716 2562 ²⁰⁴)

336 2749 485 2822 „Sequitur
498 2753 547 2821 ²⁰⁵)
565 2754 648 2811 altera
663 2755 768 2810 breuior
786 2758 814 2810 et
830 2753 973 2826 simplicior
984 2754 1219 2823 Paedagogicarum
1234 2753 1375 2812 lectionum

272 2845 328 2908 „et
345 2847 529 2902 exercitiomm
547 2846 644 2917 torma,
670 2849 723 2902 tum
740 2861 844 2918 quemue
862 2861 878 2904 a
894 2848 1004 2904 Rectore
1021 2845 1187 2918 proposita.“

556 2990 715 3067 „Simplex
735 2992 930 3070 Iteedagogii
948 2991 1082 3055 forma.“

337 3113 474 3181 „Primum
490 3116 594 3174 uidetur
611 3119 794 3177 elementarios
812 3125 838 3176 in
849 3121 1040 3196 Pacdagogium
1057 3135 1107 3178 nou
1125 3121 1304 3192 admittendos,
1324 3123 1372 3180 sed

125 3197 129 3202 ’
214 3250 227 3256 -
269 3202 330 3270 „ad
343 3205 463 3281 immoles
478 3207 554 3264 ludos
571 3211 647 3265 etad
664 3215 780 3282 priuatos
797 3218 985 3286 praeceptores
1001 3215 1156 3284 relegandos
1175 3216 1270 3271 esse.“

334 3296 458 3363 „Deinde
475 3299 615 3373 sufficere,
639 3307 663 3358 si
685 3307 713 3358 iu
741 3305 906 3376 Paedagogio
923 3310 1058 3376 utriusque
1082 3307 1187 3376 linguae
1204 3308 1370 3376 grammat-ica
1406 3327 1410 3333 ·

271 3387 436 3454 „methodus
453 3390 591 3464 doceatur,
619 3399 820 3467 praeceptisque
831 3397 962 3466 'exempla
979 3409 1023 3453 err
1029 3396 1129 3452 Latinis
1147 3399 1174 3451 et
1191 3394 1299 3452 Graecis
1318 3409 1370 3453 au-

265 3479 396 3546 ⁴„toribus
413 3481 598 3554 subiiciautur,
617 3484 659 3540 his
672 3487 771 3542 ‘mediis
790 3491 817 3542 et
835 3488 923 3543 lroris:
1118 3547 1124 3556 ,

335 3569 430 3638 „liora
440 3571 480 3627 tl.
498 3587 574 3631 mane
587 3579 648 3645 post
663 3580 841 3647 precationem
858 3591 960 3634 sacram
977 3583 1004 3635 et
1021 3579 1200 3634 recitationem
1215 3581 1298 3647 partis
1315 3577 1369 3635 eli-
1413 3573 1415 3576 ’

264 3659 417 3726 rotularem
441 3658 622 3744 meconem,
645 3670 801 3725 exercitium
825 3671 1024 3727 declinationum
1050 3675 1077 3726 et
1100 3672 1310 3740 conjugationum
1335 3685 1370 3728 ex

263 3748 400 3816 „cosmo
409 3756 443 3807 el
457 3758 632 3822 grammaticis
648 3757 766 3814 anmrr
781 3761 1020 3831 (ldelanchtlrouis).
1029 3763 1051 3796 “
1393 3803 1401 3812 -

331 3842 397 3909 ,‚.li
412 3843 479 3900 lora
499 3846 564 3901 viil.
583 3863 667 3919 usque
690 3852 725 3904 ad
749 3853 793 3907 lx.
813 3855 954 3923 praelectio
978 3857 1190 3926 praeceptionum
1208 3855 1366 3924 etymologi-

263 3945 392 4081 „c'arnm
417 3934 485 4058 guas
508 3943 584 4011 pueri
608 3945 749 3999 memoriae
767 3947 947 4007 commendant
970 3950 997 4008 in
1021 3947 1121 4010 Latinis
1148 3952 1175 4002 et
1198 3946 1306 4012 Graecis
1325 3949 1367 4013 il·
1414 4004 1422 4014 ,
1501 3987 1509 3999 =

142 4065 148 4081 ,
262 4058 289 4091 ,,
317 4028 442 4082 rnatum‘

262 4159 493 4177 m*

328 4243 392 4314 illi)
425 4243 491 4315 rjus
509 4249 658 4323 exemplum
675 4253 736 4310 vide
754 4268 832 4327 supra
850 4269 874 4327 p.
891 4255 932 4315 27.
953 4272 1008 4333 sqq.
1063 4222 1066 4234 Α

328 4336 391 4412 205)
425 4339 527 4402 amori.
546 4342 562 4399 l.
580 4342 598 4396 l.
615 4343 659 4405 lol.
676 4334 733 4406 tl'e.
749 4348 774 4405 lr.
792 4351 851 4407 tid.
869 4365 891 4410 a.
