3242 5034
675 363 896 431 ..p-

235 538 329 618 possit
348 538 492 615 aetatem,
523 549 594 616 qua,
615 536 769 614 postquam
792 533 900 595 acriter
919 535 966 595 est
985 534 1164 612 pugnatum,
1191 527 1260 593 belli
1280 527 1338 590 dis·

78 685 81 747 ζ
151 626 156 632 ’
236 646 357 708 crimina
376 644 525 723 superarit
545 643 658 720 otium,
679 642 873 702 inveteratum
893 639 1037 703 barbariei
1057 640 1207 705 horrorem
1229 636 1339 716 deprdtt

235 751 418 830 humanitas,
445 751 562 812 inanem
592 746 742 812 doctrinae
767 749 904 826 speciem
921 765 1021 811 uerum
1040 746 1159 810 sustulit
1179 733 1283 808 artium
1303 743 1337 805 li·

77 947 84 972 ⁸
195 855 199 860 ’
235 864 422 936 mearumque
441 857 576 920 studium.

319 965 361 1026 bc
377 963 497 1042 nequid
513 963 637 1040 deesset,
652 961 730 1040 quod
747 959 784 1022 ad
794 963 975 1040 propositum
989 962 1113 1041 faceret,
1130 978 1185 1024 nos
1196 961 1339 1037 Wuuoru,

78 1113 79 1120 κ
235 1071 405 1151 mmutuur,
426 1071 577 1150 Annnnnn„
599 1069 740 1147 Laurum,
762 1067 883 1131 aliorum
910 1072 1114 1132 auctoritatem
1144 1070 1254 1146 secuti,
1286 1083 1335 1132 co·

235 1193 299 1240 rum
320 1177 456 1254 vnomm,
477 1177 526 1255 qui
547 1177 576 1237 in
598 1176 778 1254 posteritatis
797 1178 965 1239 memoriam
985 1177 1140 1240 revocandi
1160 1175 1336 1251 riderentur,

236 1283 463 1362 rambrectus,
491 1282 545 1345 sed
571 1297 631 1345 non
647 1282 720 1344 sine
748 1281 898 1357 ddigentin
925 1286 997 1362 ipsis
1026 1284 1164 1347 Actorum
1193 1281 1238 1344 vel
1267 1283 1338 1342 scri-

237 1395 370 1471 plorum,
398 1389 504 1470 quide
531 1391 567 1451 iis
596 1392 738 1468 egerunt,
766 1388 823 1451 fide
852 1390 1005 1465 dignorum
1025 1391 1122 1454 uerbis
1143 1391 1339 1469 exposuimus.

237 1499 316 1562 lluos
345 1501 474 1576 tuntum,
513 1497 691 1560 dnnnnnunu
718 1495 898 1558 llmnunnnu
932 1503 962 1560 et
989 1499 1115 1567 louuuuu
1140 1497 1341 1559 inurcnuvruu

238 1607 393 1669 omisimus.
435 1605 549 1666 Etenim
579 1590 702 1683 uterque
731 1619 818 1683 quum
839 1602 1050 1679 Heidelbergae
1077 1602 1185 1677 insigni
1205 1600 1274 1663 olim
1293 1600 1340 1662 iu·

237 1715 293 1775 erit
313 1716 483 1776 ornamento
511 1716 542 1774 et
569 1695 667 1789 decori
696 1710 831 1789 idemque
855 1711 1005 1774 literarum
1032 1713 1215 1788 antiquaram
1244 1708 1340 1769 studia

113 1849 121 1854 ·
214 1821 362 1882 manime
393 1811 534 1896 adjuverit
565 1818 775 1897 (innueramus
805 1820 898 1880 nostri
929 1819 1020 1895 ipsius
1049 1818 1137 1892 Lycei
1167 1821 1341 1896 praeceptor

237 1930 301 1992 erut
322 1925 533 2004 clarissimus),
566 1924 601 1987 de
632 1927 781 2002 utriusque
814 1927 867 1985 viri
887 1925 947 1986 vita
967 1930 998 1986 et
1017 1925 1139 2003 studiis,
1163 1929 1197 1986 ut
1217 1926 1341 2003 primum

239 2037 370 2114 potestas
389 2033 458 2096 data
479 2035 553 2112 erit,
580 2035 610 2094 in
632 2031 755 2096 eundem
775 2032 909 2111 modum,
938 2049 994 2111 qno
1017 2037 1141 2111 quatuor
1162 2031 1267 2093 abhinc
1288 2047 1342 2094 an-

77 2118 82 2130 ’
120 2139 122 2142 ’
238 2143 284 2205 nis
301 2140 351 2204 *de
369 2141 499 2204 Mreruno
521 2140 662 2218 dissent,
691 2138 814 2221 singtdls
834 2139 956 2219 libellis,
988 2139 1047 2202 llco
1068 2141 1210 2219 propitio,
1239 2153 1341 2217 agam,

239 2247 432 2312 subsidiorum
458 2252 490 2310 et
514 2246 655 2310 editorum
685 2251 716 2308 et
736 2262 825 2310 manu
855 2247 1054 2330 scriptorum,
1070 2259 1145 2323 quae
1166 2244 1342 2308 bibliotheca
1462 2321 1466 2329 Ι

240 2355 439 2418 Universitatis
460 2353 598 2433 exbibet,
620 2355 703 2432 copia
723 2353 848 2431 adjutus.

323 2461 384 2528 Hoc
398 2478 466 2526 vero
482 2460 556 2540 loco,
572 2477 629 2540 quo
644 2459 794 2539 Principes
808 2460 956 2524 Electores
969 2461 1139 2522 annnrcus
1150 2460 1182 2521 ll.
1197 2464 1227 2522 et
1241 2460 1342 2521 Fume-

132 2594 136 2597 ’
241 2570 376 2634 urcuslll.
406 2571 494 2647 Lycei
506 2571 598 2634 nostri
612 2569 796 2632 celebrantur
813 2568 988 2647 conditores,
1003 2568 1065 2629 llivi
1076 2583 1192 2645 quoquc
1200 2567 1344 2644 Principis

241 2679 346 2741 Cnnonr
359 2677 514 2758 Furorum,
529 2678 624 2753 Magni
638 2676 725 2738 llucis
738 2675 891 2755 Budarem,
910 2678 959 2755 qui
972 2676 1112 2752 singulari
1126 2674 1211 2752 nrodo
1227 2672 1342 2751 effecit,

240 2792 352 2849 utnon
373 2784 466 2849 solum
488 2785 640 2867 opulentos
656 2783 791 2846 redderet
807 2785 901 2861 cives,
921 2783 973 2845 sed
994 2785 1081 2849 ctiam
1103 2783 1221 2858 ingenia
1243 2797 1342 2844 corum

242 2879 411 2975 animosque
434 2891 597 2970 excoleret,
626 2892 765 2953 memoria
792 2897 839 2954 est
869 2890 1031 2956 recolenda.
1074 2889 1126 2952 llic
1158 2890 1235 2951 eninr
1261 2887 1342 2949 Prin-

240 3017 319 3079 ceps,
342 2999 430 3060 aninri
444 2997 642 3073 magnitudine
658 3001 858 3078 sapientiaque
873 2986 959 3062 *haud
980 3001 1074 3060 minus
1096 3013 1183 3076 quaur
1195 2997 1345 3058 literarum

241 3107 336 3170 studio
365 3123 399 3168 ac
420 3105 552 3168 doctrina
572 3105 668 3169 clarus
689 3112 719 3168 et
739 3109 862 3183 insignis
883 3107 929 3168 die
950 3105 1025 3167 ltili.
1047 3106 1155 3166 mensis
1176 3101 1343 3165 Novembris

242 3217 311 3278 euni
335 3217 422 3277 1808.
454 3211 583 3276 sclrolunr
617 3218 773 3291 nostram,
797 3231 891 3292 quae,
920 3215 1013 3292 qualis
1034 3216 1095 3274 tum
1116 3217 1194 3289 erat,
1227 3211 1343 3271 Currum

242 3320 470 3413 amplectebatur
491 3319 668 3399 doctrinam,
691 3337 756 3382 cum
777 3321 888 3401 altera,
910 3338 984 3399 quae
1005 3337 1022 3382 a
1042 3321 1175 3381 boronus
1195 3316 1343 3380 sodalibus
1374 3400 1378 3405 ᾖ

242 3444 318 3490 anno
343 3427 430 3488 1705.
452 3427 499 3490 iric
521 3428 618 3490 fuerat
638 3429 770 3520 instituta
792 3429 843 3507 v),
865 3430 1015 3506 conjunxit
1031 3427 1219 3506 plurimisque
1240 3423 1345 3502 quibus

86 3625 99 3633 ἱ
241 3536 336 3617 potuit
356 3533 491 3596 subsidiis
511 3535 593 3601 auxit
615 3534 669 3610 ur).

246 3705 441 3716 ι-ι--ι-ισ--ι

266 3799 274 3809 ’
307 3829 337 3898 v)
354 3829 455 3884 Wuunr
480 3830 574 3884 Gescb.
607 3829 658 3883 erud
676 3829 828 3884 Besebreib.
847 3829 894 3882 der
911 3827 985 3883 Stadt
1002 3805 1167 3894 Heidelberg.
1202 3825 1230 3881 T.
1248 3826 1268 3879 l.
1286 3840 1345 3896 pag.

123 3965 128 3972 .
172 3977 176 3982 ,
243 3922 300 3977 360.
320 3923 378 3976 aid.
398 3923 486 3992 ibique
505 3923 616 3977 laudata.

205 4035 208 4040 ’
309 4039 352 4104 m)
386 4039 533 4094 Laurnnuu
545 4039 652 4094 consule
665 4041 690 4092 in
705 4037 792 4092 libello
808 4041 852 4107 qui
864 4037 1025 4091 inscribitur:
1044 4037 1113 4104 „llus
1129 4036 1229 4104 biesige
1247 4036 1346 4090 Gross-
1465 4039 1471 4049 ²

241 4130 332 4200 „bern
351 4131 415 4188 Bad.
434 4134 580 4199 vercinigte
599 4130 765 4214 Gymnasium
783 4131 850 4184 nacb
867 4132 955 4183 seiner
971 4131 1063 4197 jetzig.
1081 4129 1206 4184 Eirrnicirt.
1224 4128 1342 4182 Heidelb.

126 4247 129 4259 Δ
241 4222 337 4290 „laon
355 4219 400 4276 b.“
445 4221 519 4276 Adde
554 4223 669 4291 „Ewnnn
691 4219 993 4287 (Odor-'llirclrenratbl
1015 4221 1085 4274 Rede
1106 4220 1150 4273 bei
1168 4221 1344 4288 Vereinigung

240 4315 307 4386 „des
327 4313 498 4413 Rclormirten
516 4315 567 4369 und
584 4314 769 4372 llatboliscben
785 4314 966 4386 Gymnasiums
984 4314 1009 4365 in
1026 4311 1193 4380 Heidelberg.
1224 4311 1344 4383 Heidlng.
