3242 5034
533 377 967 468 ,.-re-

293 559 371 616 uiccs
382 554 497 631 gerebat
514 553 580 629 ¹⁹⁹).
621 526 673 614 llic
692 572 776 632 quum
795 570 847 616 sua
867 558 955 633 ipsius
974 557 1086 618 conm'iia
1106 555 1311 634 diligentissime
1332 557 1412 618 clu-¹

295 662 425 737 cubrata,
456 666 513 721 tum
544 661 700 721 scholarum
729 659 916 722 habendarum
947 667 1085 740 rationes,
1119 682 1234 743 quarum
1264 665 1352 724 ultera
1383 682 1401 725 a

293 769 385 830 rnen
412 768 487 845 Μ),
518 769 605 829 altera
631 769 682 828 sub
704 769 822 830 Orrorrn
842 771 973 830 Hnnmco
994 772 1122 832 Electore
1150 771 1212 852 ²⁰¹)
1239 776 1400 850 conscripta

310 880 370 956 rat,
397 877 504 937 consilii
523 879 606 936 sociis
627 880 783 953 proposuit.
835 877 878 935 lin
902 879 952 952 iis,
984 895 1057 954 quae
1080 879 1135 948 ,bac
1156 879 1192 938 de
1212 883 1300 960 rein
1320 880 1402 940 lictis
1439 955 1442 958 Ι
1537 961 1541 969 Ι

293 980 397 1071 nostris
417 985 559 1061 leguntur,
579 986 682 1045 baecoc
703 987 827 1061 inprimis
848 990 1002 1046 memoratu
1023 985 1103 1062 digna
1124 977 1273 1046 ridentur:
1320 979 1339 1052 J
1373 1052 1377 1057 ¹

294 1111 509 1201 „Clarissimi
529 1113 595 1178 viri
616 1114 678 1179 Dr.
695 1111 825 1178 Jaconr
842 1111 1005 1180 Cunrours
1027 1115 1105 1209 ²⁰²),
1122 1115 1252 1202 optime
1273 1113 1318 1182 do
1338 1133 1402 1182 rc·

377 1221 539 1308 „publico
568 1237 613 1286 ac
622 1233 629 1289 ·,
640 1220 889 1287 honestissimis
915 1222 1089 1288 literarum
1116 1220 1239 1288 studiis
1270 1211 1414 1312 meriti‚·

315 1317 319 1322 ’
376 1328 465 1417 „troc
489 1332 567 1426 erat
593 1328 720 1412 scripto
748 1316 993 1417 comprehensa
1027 1320 1069 1395 ac
1090 1322 1225 1416 'postea
1252 1320 1402 1398 recitata

376 1429 605 1520 „scntentia.“

361 1559 417 1625 „ln
434 1557 573 1626 Gymnasio
589 1559 728 1628 Principis·
744 1563 865 1630 quatuor
878 1540 1038 1616 discentium·
1059 1561 1181 1630 ordines,
1203 1562 1251 1618 sub
1274 1561 1316 1616 iv.
1340 1562 1401 1618 lle-
1453 1607 1456 1610 .

288 1639 291 1643 ’
295 1650 441 1720 „gentibus
457 1655 485 1706 et
501 1650 603 1705 duobus
619 1650 752 1718 blagistris
770 1652 967 1719 coadjutoribus
983 1651 1107 1710 mercede
1123 1668 1210 1710 annua
1226 1653 1403 1710 wuductis.“

628 1741 791 1810 „degentes

416 1833 462 1902 „l.
497 1832 667 1888 Dialecticus.

404 1925 463 1993 „lt
498 1924 603 1978 llbetor.

395 2016 465 2084 „lll
499 2014 688 2070 Grammaticus
704 2017 842 2083 utriusque
860 2014 974 2082 linguae.

394 2108 462 2174 „lV.
496 2107 654 2177 Praeceptor
669 2107 881 2174 Paedagogicus‚
928 2103 1119 2173 Incipientium.
1213 2145 1221 2178 :

497 2200 556 2252 sirc
573 2197 724 2253 Praelectus
744 2197 824 2262 classi
928 2195 1127 2249 Proficientium.

362 2285 420 2353 „ili
437 2301 496 2340 cum
512 2285 667 2354 aequalibus
681 2287 818 2355 stipendiis
840 2287 965 2356 militent,
992 2289 1019 2340 et
1041 2299 1076 2340 ex
1092 2284 1280 2353 Pacdagogicis
1299 2284 1403 2350 duabus

259 2423 265 2432 .
294 2377 452 2445 „classibus
476 2377 612 2431 commoda
636 2391 740 2446 quoquc
767 2391 907 2454 exaequo
930 2380 982 2432 sint
1006 2378 1133 2444 divisuri,
1159 2381 1186 2430 et
1203 2377 1436 2446 Paedagogicns·'

296 2471 478 2551 „praeceptor
495 2466 618 2524 subicere
637 2456 703 2522 unus
721 2469 879 2524 multitudini
895 2469 1026 2538 regendae
1043 2483 1095 2524 non
1110 2470 1212 2537 potest:
1231 2482 1279 2537 par
1297 2473 1351 2539 est,
1371 2471 1420 2522 ut.

196 2585 201 2592 ’
296 2564 378 2628 „tres
398 2560 442 2613 alii
467 2561 596 2639 communi
612 2562 799 2629 inspectionis,
823 2561 1018 2628 gubernationis
1033 2565 1060 2614 et
1077 2558 1260 2615 sollicitudinis
1279 2558 1400 2628 vinculo,

271 2713 276 2717 ‚
296 2651 357 2719 „ad
372 2665 466 2706 noram
482 2649 553 2704 illam
577 2653 643 2704 intra
660 2650 737 2704 unius
755 2651 847 2706 domus
865 2647 988 2707 ambitum
1004 2651 1189 2706 moderandam
1205 2649 1322 2727 scholam
1348 2653 1400 2706 sint

295 2743 437 2811 „obligati
463 2741 572 2812 ‚oeque
591 2742 747 2810 exigendum
764 2744 869 2797 interim
887 2746 1044 2816 tamenest,
1068 2745 1097 2796 ut
1121 2742 1207 2811 diurni
1222 2743 1311 2814 oneris
1333 2753 1399 2810 par-

294 2838 374 2902 „tem
391 2836 417 2888 in
435 2847 465 2888 se
482 2836 610 2902 recipiant
627 2835 721 2904 aliana,
739 2849 816 2904 quam
833 2840 862 2888 ut
878 2834 994 2904 quotidie
1011 2846 1059 2903 per
1077 2834 1151 2909 ¹uices
1168 2833 1319 2900 inspiciant,
1337 2829 1401 2904 quid

275 2943 279 2949 ⁴
295 2924 432 2995 „doceant
443 2925 599 2981 mercenarii
608 2927 739 2995 Magistri,
755 2927 822 2999 'qnid
833 2910 1084 3002 discantudiscipuln
1105 2928 1179 2979 etan
1195 2911 1289 2980 ordine
1303 2926 1400 2990 cuncta
1456 2944 1459 2949 ·

296 3019 351 3084 „iu
368 3014 418 3070 boc
435 3015 639 3070 adolescentium
657 3016 796 3084 Gyninasio
816 3001 974 3084 procedant;
993 3019 1038 3084 qui
1056 3018 1108 3070 siut
1125 3017 1152 3068 in
1169 3013 1269 3082 officio,
1287 3016 1400 3084 quinon

296 3108 382 3174 „sint
426 3106 498 3161 llaec
521 3107 656 3175 diligentia
677 3111 704 3160 et
728 3121 805 3177 cura,
832 3110 884 3162 etsi
904 3109 1047 3177 praecipue
1070 3106 1249 3174 Paedagogico
1275 3105 1401 3162 incumbit

194 3228 197 3235 ·
297 3233 323 3268 ,λ
329 3201 510 3267 praeceptori:
534 3213 588 3268 quo
610 3201 696 3252 tamen
720 3202 805 3266 major
827 3203 855 3252 et
872 3201 1013 3253 auctoritas
1036 3203 1062 3252 et
1080 3200 1209 3254 severitas
1233 3201 1261 3252 iu
1283 3198 1400 3266 regendo

296 3293 456 3361 ,‚servetur,
476 3292 598 3353 existimo
615 3288 666 3343 buo
683 3303 787 3359 quoque
804 3290 989 3346 intendendum
1007 3287 1100 3345 aliis.“

362 3380 417 3447 „Si
435 3382 585 3435 seueritatis
603 3381 844 3453 exemplaledenda
861 3384 951 3450 erunt,
980 3386 1006 3436 et
1018 3383 1105 3450 'uirgis
1123 3379 1328 3458 caedendisunt
1352 3391 1399 3436 re·

296 3469 405 3537 „belles
432 3474 459 3524 et
482 3470 687 3538 incorrigibiles
700 3471 870 3542 et-distorti,
906 3461 1097 3542 iniquissimum
1123 3475 1178 3528 erit
1201 3462 1399 3541 praeceptorem

297 3561 528 3633 „Paedagogioum
546 3562 629 3617 soluru
646 3566 673 3618 in
686 3564 738 3619 -has
756 3565 860 3628 detrudi
875 3559 1037 3618 nnolcstias“

471 3653 683 3720 ¹„Discentiunn
701 3658 727 3708 in
747 3654 886 3724 Gymnasio
902 3639 1007 3709 ordines
1020 3653 1067 3707 lv.
1118 3691 1120 3695 -

393 3744 442 3814 „i
474 3743 654 3815 incipientium
671 3759 720 3800 scu
737 3746 906 3819 Noritiorum·
1015 3761 1036 3812 χ
1128 3819 1131 3824 .

381 3835 439 3902 „ll
473 3830 881 3911 Prolic'icntiumseu-literarum
898 3823 1164 3904 sacris‘initiatorum·
1197 3841 1201 3848 ’
1344 3852 1347 3860 ·
1384 3832 1386 3836 ’
1454 3908 1459 3916 ,

298 3969 529 3984 Μ-

299 4063 302 4069 ’
364 4050 425 4135 itii)
459 4051 524 4107 lbid.
543 4050 587 4106 iol.
604 4050 662 4107 367.
681 4065 705 4106 a.
1250 4079 1259 4096 .

365 4143 428 4212 200)
461 4144 614 4214 Exemplum
633 4147 692 4210 ejus
709 4159 788 4215 supra
804 4161 830 4214 p.
845 4145 965 4218 Ussit·
984 4147 1024 4200 cst
1042 4145 1249 4216 transscriptnm.
1283 4155 1285 4159 ·

284 4261 302 4290 x
365 4236 428 4303 201)
462 4237 541 4303 Typis
558 4250 638 4305 supra
653 4253 680 4306 p.
698 4238 740 4309 55.
758 4251 816 4306 sqq.
835 4237 939 4292 libellus
955 4241 997 4290 est
1014 4237 1170 4308 descriptus.

365 4326 428 4402 202)
462 4325 562 4388 amab.
580 4327 598 4380 u.
620 4327 636 4384 1.
653 4326 774 4409 nino.
793 4342 818 4382 a.
837 4357 869 4370 -
885 4326 943 4384 nra.
961 4327 987 4382 n.
1052 4344 1056 4349 ·
1107 4311 1112 4329 '
