3242 5034
727 363 974 438 ...ge-

361 540 421 612 „Al
446 542 512 599 luorr
538 538 593 600 llll.
617 556 703 613 nsgno
728 543 763 599 ad
782 543 802 598 1.
829 541 971 600 Crenroms
1000 543 1144 615 epistolae,
1174 542 1226 598 uel
1254 541 1425 614 Tennnrrps.
1480 547 1486 552 ’

294 632 415 704 „Deinde
431 636 563 705 syntaxis,
590 651 649 691 cum
665 636 819 690 recitatione
836 639 1052 704 praeceptorum,
1072 647 1140 704 quae
1164 637 1340 690 memoriter
1366 634 1425 700 sieri
1461 691 1465 704 ‚

239 798 246 804 ι
294 725 402 795 „delet
435 727 501 781 ltem
522 727 636 784 Fabulae
653 727 753 784 Αιιοιι
774 726 891 782 Graecae
911 727 1070 796 alternatim,
1096 740 1130 782 ex
1146 707 1262 797 quilius
1281 729 1425 782 sumantur

294 817 434 887 „exempla
451 817 652 874 declinationum
668 822 696 872 et
711 820 922 886 conjugationum
938 812 1090 872 ιιιιιιιιιιιιιιὲι

359 907 423 976 „Ala
440 909 505 989 hora
522 909 564 964 ill.
582 914 610 964 et
627 908 722 968 deinde
740 908 884 970 Vnncrnrus
901 911 929 963 et
944 908 1073 982 Hesiones
1092 907 1246 981 alternatim
1258 921 1366 988 ,per
1359 920 1423 986 scs-

292 998 461 1069 „guilroram,
480 1015 540 1055 oum
556 1004 706 1071 praeceptis
723 999 888 1070 generalibus
906 975 1062 1069 prosodiae,
1080 1012 1148 1068 quae
1165 998 1269 1058 itidem
1284 1000 1422 1076 memori-

292 1091 352 1160 „ter
368 1093 532 1164 renitantur
554 1091 698 1147 Crannonis
721 1090 850 1159 epistolae
869 1103 902 1146 eo
918 1091 1082 1160 potissimum
1105 1091 1205 1157 pueris
1215 1071 1423 1160 proponendae

292 1184 390 1252 „snnt,
415 1182 485 1263 quod
509 1195 543 1264 ιιι
566 1183 607 1239 luis
622 1184 683 1261 tarn
701 1183 824 1252 loqrrerrdi
842 1196 950 1253 quem
941 1179 1073 1236 scribendi
1089 1179 1222 1236 formulae
1234 1181 1423 1262 potissimum

272 1264 533 1343 „commodissime
538 1255 670 1344 petantur.
704 1274 805 1330 Deinde
818 1277 854 1328 et
871 1271 1038 1341 periodorum
1054 1260 1142 1340 partes
1161 1257 1193 1325 et
1206 1269 1422 1326 distinctionum

292 1379 346 1435 „err
363 1366 458 1420 iisdem
483 1366 586 1420 ostendi
608 1371 726 1435 possunt.
760 1365 904 1420 Vnneurus
928 1362 1068 1432 prosodiae
1087 1367 1113 1415 et
1139 1361 1295 1430 figurarum
1323 1376 1358 1417 ac
1376 1364 1422 1417 to-

292 1458 363 1527 „tins
383 1456 496 1526 donique
514 1457 636 1512 dictionis
653 1461 772 1527 poeticae
791 1469 871 1510 causa
888 1453 1078 1522 praelegendus
1097 1447 1166 1508 est.“

357 1547 405 1618 „ln
422 1546 530 1602 Graecis
547 1547 665 1605 Arsorus
693 1547 727 1602 ad
750 1560 855 1617 prosam
879 1547 907 1598 et
920 1542 1030 1610 ‘solutae
1055 1546 1180 1612 orationis
1203 1537 1419 1616 simplicitatem

291 1638 514 1710 „ostendendam
539 1640 670 1696 Hnsronus
693 1639 726 1694 ad
751 1618 886 1695 dialectos
908 1638 941 1689 et
956 1622 1052 1702 figuras
1076 1637 1203 1705 pertinet.
1247 1637 1295 1692 Ex
1323 1637 1419 1692 alteris

291 1745 405 1804 „prosae
422 1733 547 1787 orationis
560 1736 691 1788 structura
702 1737 729 1788 et
745 1731 910 1801 compositio,
927 1727 1064 1784 exalteris
1081 1728 1177 1797 ligatae
1191 1733 1342 1799 orationis,
1356 1730 1416 1800 syl-

291 1821 427 1893 „labarum
445 1826 472 1878 et
489 1826 631 1879 carminum
652 1826 719 1878 ratio
736 1815 929 1901 cognoscitur.“

357 1914 452 1984 „Pueri
469 1917 597 1970 exercitia
610 1915 738 1984 loquendi
755 1917 782 1968 et
798 1911 931 1968 scribendi
946 1910 1071 1987 labeant,
1088 1911 1124 1966 ita
1142 1913 1170 1966 ut
1188 1911 1222 1965 ad
1234 1911 1332 1968 Latini
1350 1925 1414 1966 ser·-

290 2007 392 2072 „monis
409 2020 485 2060 usum
501 2009 630 2075 perpetuo
646 2005 796 2076 adigantur,
823 2008 848 2057 ct
869 2003 1011 2070 propositis
1037 2006 1117 2058 certis
1135 2009 1304 2072 argumentis
1331 2005 1414 2060 latina
1459 2007 1463 2018 ’

289 2097 426 2166 „oratione
448 2095 605 2166 reddendis,
630 2097 770 2151 sonbeudo
795 2096 980 2152 exerceantur:
1006 2094 1085 2162 idque
1104 2093 1230 2150 Mercurii
1262 2095 1366 2152 diebus
1385 2098 1412 2150 et
1448 2133 1450 2136 -

201 2172 207 2178 ⁸
288 2183 422 2251 ,sabbatis
440 2188 499 2238 ante
516 2184 664 2254 prandium,
683 2185 778 2254 quihus
794 2187 975 2253 provectiores
994 2187 1071 2240 etiam
1094 2186 1242 2242 uersiculos
1261 2203 1284 2242 a
1304 2201 1337 2242 se
1366 2186 1411 2240 la-

289 2278 363 2340 „ctos
382 2274 530 2329 exhibeant.
548 2275 608 2330 Post
621 2276 756 2343 prandium
772 2280 860 2332 eutem
868 2275 993 2334 Mercurii
1006 2277 1110 2346 quidem
1126 2277 1219 2334 diebus
1233 2281 1264 2334 in
1280 2278 1409 2347 logistica

290 2364 486 2436 „arithmeticas
503 2366 732 2436 parto,‘srl›lratis
757 2372 845 2424 autem
869 2369 897 2421 in
913 2369 1020 2422 musicis
1045 2382 1094 2437 per
1109 2382 1186 2424 unam
1204 2368 1321 2442 horam,
1347 2367 1408 2439 post

288 2455 437 2525 „evangelii
452 2457 494 2511 vel
512 2459 640 2528 epistolae
658 2459 821 2514 dominicalis
842 2461 1045 2533 enarrationem,
1061 2460 1264 2516 exerceantur.“

357 2546 403 2616 „ln
420 2547 461 2602 his
479 2549 523 2603 ulei
541 2552 616 2619 pueri
633 2553 670 2606 ita
687 2553 824 2607 exercitati
841 2550 936 2605 luerint
951 2553 979 2604 ut
997 2554 1155 2618 grammatici
1177 2555 1245 2621 sint,
1275 2557 1307 2608 ut
1331 2553 1406 2621 logui
1425 2565 1428 2574 ’
1514 2553 1518 2563 “

212 2685 215 2690 .
290 2639 336 2708 „ot
361 2637 478 2693 scrihere
502 2637 611 2710 Latine,
639 2639 739 2696 Graece
766 2645 853 2696 autern
872 2641 1002 2702 declinere
1019 2645 1046 2696 et
1070 2645 1212 2711 conjugare
1233 2659 1266 2700 ac
1284 2645 1406 2699 themate
1439 2680 1445 2686 -

289 2727 453 2799 „intelligere
472 2733 498 2784 et
518 2730 779 2804 iudicarepossint,
805 2734 1005 2802 praeceptomm
1033 2727 1187 2794 auctoritate
1209 2737 1245 2796 ad,
1268 2733 1403 2792 lectiones

288 2817 584 2889 „publicasllegentum
607 2834 639 2876 ao
655 2821 991 2901 Professorumllacultatis
1007 2823 1109 2910 Artium
1130 2826 1230 2882 admitti
1257 2821 1405 2899 possunt.“

280 3079 283 3085 “
357 3076 422 3147 „llis
438 3091 502 3146 ergo
516 3078 605 3134 lormis
624 3080 673 3148 2ιι]
692 3081 803 3150 aliisque
820 3080 922 3149 multis,
943 3093 1041 3150 quaen
1061 3083 1156 3137 ceteris
1175 3084 1399 3154 dominisdepu-

289 3170 369 3238 „tatis
387 3168 435 3234 ²⁰²)
453 3170 480 3222 in
495 3166 682 3240 medinmper
698 3172 797 3241 aliquot
822 3172 879 3226 dies
901 3170 995 3225 allatae
1012 3176 1087 3239 suut,
1105 3173 1249 3240 studiorum
1267 3183 1297 3234 et
1315 3191 1399 3233 exer-

289 3261 428 3330 „cltiorum
445 3261 472 3314 in
487 3250 652 3329 Peerlagogio
669 3263 886 3318 instituendorum
907 3262 1065 3334 rationibus,
1090 3263 1228 3333 diligenter
1254 3272 1397 3334 examina-

289 3353 356 3420 „tis,
373 3351 482 3414 tandem,
494 3365 530 3407 ex
547 3352 665 3408 omnibus
683 3356 755 3408 certa
779 3354 907 3424 quaedam
925 3356 1026 3423 capita,
1049 3353 1083 3408 ad
1107 3358 1217 3426 primam
1234 3360 1398 3430 Paedagogii

289 3445 467 3512 „apertionem
484 3456 533 3499 sou
549 3430 735 3501 institutionem
750 3447 915 3513 necessaria,
933 3445 1080 3522 conscripta
1093 3451 1179 3516 sunt,
1196 3454 1223 3504 et
1239 3451 1272 3506 ab
1291 3454 1395 3510 utrius-
1466 3503 1469 3509 .

288 3547 358 3602 „pue
374 3537 456 3604 partis
472 3532 630 3590 consiliariis
648 3537 698 3591 inec
714 3537 863 3592 conditione
879 3536 1037 3606 approbate,
1056 3540 1084 3611 ιιι
1101 3541 1184 3594 nostri
1201 3542 1235 3598 a'd
1251 3543 1399 3602 Universie

1531 3133 1533 3200 l

154 3642 158 3651 ν
285 3619 367 3696 „tetis
385 3627 518 3696 senatum,
543 3626 730 3700 Ecclesiastici,
743 3641 807 3690 uero
832 3627 868 3682 ad
887 3617 1090 3682 lllustrissimum
1113 3629 1260 3702 Principem
1276 3645 1317 3694 ea
1342 3651 1394 3706 ap·

252 3722 255 3728 '
290 3717 440 3786 „probanda
456 3713 598 3788 reserrent,
611 3721 652 3773 -et
677 3717 746 3788 quod
763 3732 793 3773 so
812 3731 889 3788 quam
905 3719 1016 3785 primun
1038 3718 1131 3800 sedulo
1148 3721 1391 3798 'lecturospromi-

287 3813 406 3878 „serent
423 3824 458 3866 ex
475 3812 559 3876 sacris
571 3809 740 3882 proventibus
751 3808 801 3865 300
812 3807 925 3877 llorenos
943 3819 1059 3884 annuos,
1077 3811 1170 3880 quibus
1185 3815 1221 3876 atl
1233 3817 1310 3880 istius
1321 3822 1392 3876 Pae.

111 4113 115 4120 .
213 4100 215 4103 -
268 4121 271 4124 .
355 4079 419 4147 noe)
452 4079 553 4136 merul.
573 4080 589 4134 ι.
606 4079 623 4134 ι.
642 4047 679 4136 ns
688 4077 740 4134 vn.
756 4078 801 4134 ror.
819 4052 878 4134 are.
897 4092 920 4132 a.

356 4171 418 4240 207)
436 4169 517 4228 'liin
535 4172 579 4228 iol.
593 4174 656 4230 uls..
669 4187 710 4229 a.:
728 4173 903 4244 „comittere
920 4168 1099 4225 Ecclesiastico*
1115 4180 1248 4243 precedam
1266 4183 1299 4240 de
1316 4183 1388 4238 Pde-

293 4263 423 4334 „ragom
440 4267 602 4322 instituendo
620 4281 637 4321 a
654 4280 683 4321 ee
702 4265 860 4331 concionata
873 4255 1099 4330 praeceperonrf‘·
