3242 5034
1092 307 1104 340 h

674 304 960 411 ’-ιιι,...

347 511 378 574 lu
399 513 452 574 hoo
478 511 628 590 Collegium
655 530 718 576 com
745 512 925 592 Puedagogio
947 498 1130 590 <coniunctum⁸
1144 517 1178 609 ‘el
1204 509 1372 576 todonae

266 622 343 681 clueo
370 623 400 680 el
419 619 583 697 Paedagogii
612 620 761 698 discipulos
789 640 855 683 esse
884 629 1012 702 receptos
1041 627 1113 683 inter
1133 629 1231 696 omncs
1251 625 1373 684 constat.

265 725 325 799 Oua
346 726 381 788 de
402 737 433 786 r'e
455 745 491 787 ex
512 729 586 788 letis
607 729 676 789 hacc
697 728 757 804 Ψ)
778 733 805 790 in
828 730 946 810 modium
967 732 1094 809 prolerre
1115 731 1194 791 libet:

332 858 389 925 „a
408 834 433 912 l.
451 857 536 912 ιιιιιι.
555 857 610 913 car.
628 858 703 914 neor.
730 874 754 914 a.
772 860 845 947 roua.
864 860 939 926 ouon
963 864 989 916 n
1007 838 1182 916 coruncano
1197 856 1368 928 pionpant,

268 951 336 1025 „qui
353 954 412 1003 tunc
430 949 558 1018 degebant
574 949 771 1018 adolescentes,
797 951 916 1022 plerique
935 957 978 1006 aut
995 952 1105 1024 puhlicis
1131 951 1284 1005 lectionibus
1317 964 1369 1006 an·

265 1040 392 1107 „dieadis
409 1041 522 1095 nondum
539 1041 627 1096 idonei
644 1021 834 1110 Puedagogiurn
851 1045 1066 1112 l‘reqnentarent,
1078 1047 1122 1097 aut
1139 1043 1257 1110 neglecto
1273 1043 1368 1094 artium

262 1131 434 1200 „liberalium
459 1147 491 1186 ae
508 1133 688 1204 philosophiae
716 1137 802 1189 studio
830 1134 947 1190 adultas
972 1133 1122 1202 disciplinas
1145 1133 1367 1198 transcenderent,

263 1226 317 1290 „et
335 1226 499 1293 superiorum
517 1240 582 1294 quos
599 1231 692 1280 uocant
716 1211 867 1282 facultatum
883 1226 1049 1296 professores
1065 1225 1214 1294 trequentes
1233 1222 1368 1277 audirent:

262 1319 413 1385 „perpauci
429 1302 611 1386 philosophiae
629 1331 735 1385 operam
760 1317 858 1374 darent.
895 1317 981 1380 Quare
1007 1319 1033 1370 ei
1050 1315 1256 1370 incommodent
1273 1326 1365 1368 renne-

263 1405 360 1473 „dium
376 1406 481 1476 aliquod
498 1410 667 1475 inveniretur,
684 1407 866 1463 Universitutis
881 1392 957 1478 opera
975 1407 1026 1462 sihi
1044 1405 1228 1476 implorandam
1245 1405 1366 1481 Facultas

261 1498 453 1565 „existimavih
472 1513 487 1551 a
505 1497 600 1568 quaid
618 1497 694 1552 modo
712 1498 815 1553 demunr
836 1501 1015 1567 impetratum,
1035 1500 1063 1552 ul
1080 1511 1114 1551 ne
1131 1499 1176 1568 qui
1194 1496 1318 1566 deinceps
1337 1499 1366 1548 in
1384 1563 1390 1572 l
1482 1517 1485 1524 ¹

262 1602 346 1656 „eam
364 1589 467 1643 domum
485 1589 571 1660 (quod
590 1589 695 1659 quidem
712 1592 738 1643 in
754 1593 885 1660 potestate
904 1586 1087 1644 Universitutis
1105 1592 1185 1659 esset,
1203 1603 1251 1642 nec
1269 1587 1367 1644 lunda-

263 1682 366 1747 „tionis
380 1683 441 1747 jnre
459 1682 546 1750 aliquo
569 1695 618 1762 ceu
646 1681 785 1750 priuilegio
804 1681 990 1751 impediretur)
1015 1682 1208 1750 reciperentur,
1234 1681 1277 1748 qarl
1302 1677 1368 1734 inira

172 1812 176 1829 ,
262 1773 427 1838 ,secundam
446 1772 559 1833 classem
576 1773 733 1841 Paedagogii
750 1777 855 1840 essent,
875 1786 925 1826 nec
942 1776 1002 1842 post
1020 1773 1205 1842 sesquianuum
1222 1769 1366 1826 baccalau-

200 1838 222 1856 ⁴
263 1865 377 1928 „reatus
396 1862 469 1915 titulo
488 1863 654 1916 cohonestari
672 1868 788 1935 possent.
823 1863 924 1920 Deinde
953 1868 980 1918 ut
1005 1865 1049 1934 qui
1067 1863 1255 1932 philosophicis
1272 1863 1367 1916 studiis

262 1958 341 2021 ,pam
358 1956 411 2022 apti
428 1959 525 2021 essent,
542 1967 628 2023 neque
645 1953 790 2022 Magisterli
808 1956 957 2024 dignitatem
978 1953 1062 2026 adhuc
1077 1959 1169 2014 essent
1185 1953 1288 2023 adepti,
1313 1953 1367 2008 illis

262 2044 380 2112 „studiis
397 2046 444 2098 toti
461 2046 646 2116 incumberent,
665 2046 773 2100 aliarum
788 2047 949 2102 Facultatum
973 2046 1147 2116 professores,
1165 2049 1217 2100 nisi
1233 2047 1269 2102 iis
1284 2045 1369 2118 horis,

263 2135 383 2210 „pullus
399 2150 475 2190 nonno
493 2135 684 2206 philosophiam
702 2137 806 2207 doceat,
823 2151 856 2192 ne
874 2137 1028 2194 audireul.“

265 2297 490 2311 Μ

326 2372 393 2437 lit)
427 2372 492 2426 Actu
510 2372 565 2428 ord.
583 2372 646 2444 phil.
665 2373 693 2428 Τ.
710 2373 752 2428 tv.
771 2372 817 2430 tot.
835 2375 877 2431 98.
896 2375 921 2432 h.

1508 821 1543 1162 t
