3242 5034
708 359 960 430 ...n-

279 524 427 594 lilteralitar
446 532 609 610 adiuvantes
637 516 691 611 ⁵¹).
741 535 883 599 Buscmus
903 552 930 596 u.
951 515 1040 596 1529.
1060 536 1089 596 in
1109 533 1284 598 Andaniam
1305 535 1383 598 ilar·

278 636 447 716 hargensem
476 642 576 706 eodem
603 659 675 730 anno
706 643 843 704 constitum
872 625 1151 718 commeruisset),
1180 645 1330 706 Macrinus
1356 660 1383 703 a.

281 745 371 810 1537.
399 747 592 809 mocianicam
613 762 711 808 munos
738 746 830 808 denuo
851 752 1042 825 auspicaturus
1073 747 1155 808 rediit
1175 750 1385 811 Francolurtum

278 849 314 910 ad
335 853 462 918 Moenum
484 857 564 914 situm
585 853 649 928 53);
678 868 749 930 quae
770 851 881 931 quidem
900 852 986 929 urbs,
1020 858 1050 913 ut
1076 860 1232 914 mercatura
1257 859 1287 916 et
1313 870 1386 933 quaa

278 955 339 1028 ejus
360 958 475 1015 comites
496 973 560 1016 osse
581 958 686 1033 solent,
720 973 804 1034 opum
831 960 914 1033 copia
939 959 1084 1036 cultusque
1109 961 1245 1036 elegantia
1273 979 1386 1038 semper

278 1061 386 1136 ltoruit,
417 1064 455 1121 ita
484 1065 550 1131 tunc
575 1062 690 1141 quidem
714 1067 817 1123 artium
851 1068 880 1124 et
907 1064 1046 1126 literarum
1076 1066 1166 1128 studia
1193 1067 1386 1130 unctuosius

279 1166 346 1229 aluit
367 1172 397 1226 et
416 1172 493 1228 auxii
513 1169 567 1244 ⁵⁴).
1461 1248 1465 1252 ᾗ

284 1321 289 1328 .
360 1272 466 1333 Τι11ιιιιι
485 1277 608 1334 uirorum
635 1290 672 1332 ex
691 1272 766 1334 abitu
792 1278 878 1352 alque
898 1275 1071 1338 humanitatis
1091 1278 1190 1355 studii,
1220 1277 1297 1359 quod
1321 1281 1387 1358 pri·

277 1381 377 1440 atinum
398 1396 432 1440 eo
454 1381 566 1440 saeculo
587 1385 704 1442 nitorem
725 1389 941 1458 recuperaverat
961 1384 1024 1461 ⁵⁵),
1056 1401 1094 1444 ox
1114 1384 1223 1445 fastidio
1244 1387 1290 1446 uel
1311 1403 1385 1448 eon·

276 1490 384 1563 tempta
404 1486 577 1548 solitudinem
592 1486 727 1564 quandam
748 1486 914 1549 Academiae
923 1495 1039 1549 nostrae
1058 1489 1210 1568 accidisse,
1230 1497 1261 1552 et
1276 1488 1385 1568 iuuen-

278 1597 344 1654 tutis
360 1593 498 1654 literarum
511 1593 650 1654 studiosae
666 1595 847 1673 frequentiam
860 1611 924 1654 esse
938 1599 1120 1672 imminutam,
1140 1599 1386 1667 denominabitur.

361 1699 411 1760 Cui
431 1699 604 1761 incommodo
625 1704 654 1761 ul
675 1705 851 1779 occurreret,
872 1702 1003 1779 Princeps
1024 1703 1200 1766 anunreus
1214 1705 1263 1782 tl,
1284 1705 1384 1766 litera-

277 1796 339 1864 rum
367 1806 459 1867 fautor
488 1807 721 1899 litteratissimus,¹
745 1811 794 1886 qui
824 1808 1032 1884 cognominibus
1063 1808 1220 1888 Sapientis,
1247 1812 1327 1887 Senis
1356 1816 1386 1872 el

276 1911 608 1990 Eloquentiseratctarus
629 1915 691 1992 ὅθ),
712 1916 842 1992 simulac,
862 1914 1010 1975 Luoomco
1025 1915 1111 1975 tratre
1124 1921 1248 1992 mortue,
1268 1918 1384 1978 illecto·

150 2065 154 2070 .
277 2017 342 2078 ralis
363 2003 528 2078 Palatiuatus
549 2023 671 2095 regimen
691 2037 717 2081 a.
740 2021 833 2082 1511.
854 2024 994 2098 suscepit,
1021 2038 1119 2097 magno
1140 2021 1230 2084 studio
1257 2027 1286 2084 in
1307 2026 1384 2084 Aca·

276 2121 393 2186 denium
421 2125 633 2203 emendandam,
661 2130 691 2187 ui
718 2129 864 2204 pristinum
884 2124 969 2186 decus
994 2127 1133 2190 obtineret
1158 2129 1219 2205 57),
1247 2130 1384 2208 incubuit,

277 2229 389 2308 dicens,
413 2248 464 2308 ,ae
481 2233 629 2309 facturum
648 2221 709 2293 non
728 2238 760 2292 nt
779 2233 930 2309 stipendiis
950 2232 1162 2313 Professores,
1181 2235 1238 2295 sed
1258 2237 1383 2309 Univer-

277 2338 358 2403 sitoti
378 2341 475 2395 essent
495 2335 706 2412 Professorea“
728 2337 784 2413 ⁵⁸).
1084 2401 1094 2417 ,
1355 2325 1368 2338 ’

229 2457 230 2460 ’
277 2510 281 2516 .
361 2441 421 2502 llao
442 2445 468 2502 in
489 2436 522 2503 td
551 2443 705 2522 Principem
733 2440 829 2505 studiis
854 2445 884 2503 el
903 2442 1025 2504 consiliis
1046 2442 1162 2505 duorum
1183 2448 1305 2507 virorum
1325 2463 1384 2525 po·
1410 2427 1416 2432 ’
1507 2457 1520 2472 ’

274 2549 408 2608 tissimum
428 2545 552 2624 adiutum
572 2567 652 2627 esse,
681 2549 860 2612 Ηιιιιιιιιιιιιι
878 2564 919 2610 aa
938 2550 1087 2613 Eranam
1115 2551 1175 2630 ⁵?J,
1204 2551 1383 2633 Canccllaril,

342 2808 390 2877 51)
422 2809 547 2867 limosser
562 2807 581 2866 l.
599 2807 617 2866 l.
633 2809 662 2867 t.
680 2809 700 2867 l.
717 2827 743 2882 p.
760 2812 820 2868 119.
834 2809 894 2868 152.
912 2825 971 2884 sqq.

342 2897 389 2968 52)
421 2897 522 2955 Annall.
539 2899 556 2956 i.
574 2899 593 2956 l.
609 2899 654 2956 iot.
672 2901 730 2957 131.
746 2901 771 2957 b.
789 2902 835 2957 toi.
854 2902 912 2957 119.
928 2915 954 2957 a.

343 2989 390 3054 53)
423 2988 489 3044 l'ide
505 2990 620 3048 Μιοιιι..
635 3007 661 3060 p.
682 2992 724 3046 18.

343 3077 403 3144 51)
424 3077 549 3134 Gaurana
572 3079 605 3134 de
622 3079 668 3134 Pu.
687 3079 832 3135 Smuonom
849 3081 904 3134 nita
923 3082 950 3133 et
965 3081 1072 3151 scriptis
1096 3083 1123 3135 in
1144 3081 1220 3136 novis
1236 3081 1310 3137 Actis
1333 3095 1383 3138 so-

276 3168 381 3222 cietatis
398 3167 507 3223 Latinae
524 3169 629 3225 teneus.
648 3169 690 3224 ed.
708 3169 873 3224 Ercususor.
891 3170 962 3238 lips.
982 3169 1056 3226 1806.
1072 3169 1100 3225 8.
1117 3170 1173 3226 Vol.
1191 3172 1211 3226 1.
1229 3187 1254 3241 p.
1271 3172 1315 3228 86.

344 3257 390 3324 55)
424 3257 549 3312 Cnauzen
572 3261 599 3312 in
621 3258 841 3329 Ephemeridibus
858 3259 1021 3315 Darmstad.:
1045 3259 1223 3329 ,Aligemeiue
1241 3259 1384 3318 salutaci-

277 3351 356 3418 tung,
375 3348 427 3402 ltlai
446 3345 521 3403 1832.
538 3347 648 3404 8.117.“
682 3349 810 3404 Hmussan
829 3350 872 3404 die
889 3341 1009 3419 Auldngc
1029 3350 1077 3405 der
1093 3351 1258 3406 ilassisctucu
1275 3353 1385 3430 Studien

276 3429 306 3494 ¹iu
322 3439 490 3507 Heidelberg.
514 3437 635 3494 Heidelb.
654 3439 727 3494 istu.
745 3440 772 3495 8.
814 3441 907 3496 Hauon
924 3429 1114 3496 De'ulscltlauds
1131 3443 1231 3498 literar.
1247 3442 1300 3498 und
1317 3445 1385 3499 reli·

278 3531 354 3598 giose
371 3529 558 3585 Verhdltnisse.
576 3529 592 3585 2
610 3528 682 3585 Thle.
705 3527 835 3600 Erlangeu
853 3530 929 3588 1811.
944 3529 972 3588 8.
995 3529 1042 3587 Th.
1058 3530 1078 3587 t
1095 3530 1123 3588 S.
1141 3531 1183 3588 79.
1199 3532 1262 3590 278.
1287 3533 1335 3590 au.
1351 3533 1385 3591 11.

277 3619 306 3675 S.
323 3619 364 3676 27.
381 3621 440 3676 ata.
1209 3661 1212 3664 ψ

344 3710 391 3779 56)
424 3711 519 3765 nuso.
537 3709 554 3766 l.
571 3707 589 3765 l.
606 3725 633 3781 p.
649 3711 692 3766 77.
708 3707 753 3767 81.
768 3709 814 3769 83.
923 3783 935 3794 ἡ

344 3798 390 3868 57)
425 3800 526 3855 Punaus
544 3799 561 3855 1.
578 3797 596 3855 l.
614 3815 641 3870 p.
658 3800 717 3856 252.

273 3951 276 3960 ,
343 3889 390 3956 58)
425 3889 504 3944 Sonn.
521 3889 539 3944 l.
558 3889 575 3944 l.
593 3906 620 3962 p.
636 3890 696 3946 291.
755 3890 767 3903 “

343 3980 389 4050 59)
430 3979 609 4035 llunuuaunus
631 3980 791 4035 Hunnorum
815 3981 843 4034 iu
869 3964 1008 4034 civitatens
1024 3977 1208 4036 Academicum
1234 3979 1382 4053 adscriptus

276 4076 319 4129 est
336 4087 360 4127 a.
378 4071 452 4128 tusa.
487 4069 621 4139 [Scuwuu.
640 4071 699 4142 syll.
719 4070 746 4126 T.
765 4071 784 4124 l.
800 4087 828 4138 p.
846 4068 902 4137 79.)
935 4070 1001 4124 Eum
1014 4071 1070 4136 jam
1087 4084 1112 4125 a.
1130 4072 1204 4126 1517.
1222 4071 1245 4128 1.
1263 4073 1294 4128 U.
1312 4073 1383 4127 Bac-

277 4163 442 4233 culaureum,
467 4176 492 4217 a.
511 4162 583 4218 1519.
606 4163 740 4218 tteeauum
762 4159 863 4214 ordinis
887 4158 1063 4229 philosophici
1087 4165 1166 4232 atque
1182 4177 1233 4216 uon
1250 4165 1285 4216 ita
1303 4165 1383 4218 multo
1503 4162 1507 4172 ’

277 4258 339 4323 post
354 4253 493 4312 Ductorem
511 4253 534 4311 t.
552 4252 583 4310 U.
605 4257 721 4311 creatum
746 4250 844 4318 luisse,
868 4251 933 4306 satis
955 4248 1064 4306 coastat.
1106 4248 1138 4305 A.
1157 4251 1230 4308 1529
1248 4251 1385 4310 Professor

215 4588 311 4610 Α
